@book{2007Pptr,
series = {Perfect series},
publisher = {Random House},
isbn = {9781905211678},
year = {2007},
title = {Perfect psychometric test results / Joanna Moutafi ... [et al.]},
language = {eng},
address = {London},
keywords = {Employees -- Psychological testing; Employment tests; Personality tests; Psychometrics -- Methodology -- Diagnosis},
}
@article{Chimutengwende-GordonM2017Tive,
journal = {The Bone and Joint Journal , 99-B (3) pp. 393-400. (2017)},
year = {2017},
title = {The in vivo effect of a porous titanium alloy flange with hydroxyapatite, silver and fibronectin coatings on soft-tissue integration of intraosseous transcutaneous amputation prostheses},
copyright = {open},
language = {eng},
author = {Chimutengwende-Gordon, M and Pendegrass, C and Blunn, G},
keywords = {Amputation;  Soft-tissue integration;  Transcutaneous;  Prosthesis},
}
@article{PendegrassCatherineJane2012Teoa,
issn = {1097-4636},
journal = {Journal of Biomedical Materials Research Part A},
pages = {3463--3471},
volume = {100A},
publisher = {Wiley Subscription Services, Inc., A Wiley Company},
number = {12},
year = {2012},
title = {The effect of adherens junction components on keratinocyte adhesion in vitro: Potential implications for sealing the skin-implant interface of intraosseous transcutaneous amputation prostheses},
copyright = {Copyright Â© 2012 Wiley Periodicals, Inc.},
language = {eng},
address = {Hoboken},
author = {Pendegrass, Catherine Jane and Tucker, Bethan and Patel, Shelain and Dowling, Robert and Blunn, Gordon William},
}