@article{ GerberLeahR2005,
  author    = {Gerber, Leah R and Beger, Maria and McCarthy, Michael A and Possingham, Hugh P},
  title     = {A theory for optimal monitoring of marine reserves},
  issn      = {1461-023X},
  journal   = {Ecology letters},
  pages     = {829--837},
  volume    = {8},
  publisher = {Blackwell Science Ltd},
  number    = {8},
  year      = {2005},
},