@book{2007Pptr,
series = {Perfect series},
publisher = {Random House},
isbn = {9781905211678},
year = {2007},
title = {Perfect psychometric test results / Joanna Moutafi ... [et al.]},
language = {eng},
address = {London},
keywords = {Employees -- Psychological testing; Employment tests; Personality tests; Psychometrics -- Methodology -- Diagnosis},
}
@article{Chimutengwende-GordonM2017Tive,
journal = {The Bone and Joint Journal , 99-B (3) pp. 393-400. (2017)},
year = {2017},
title = {The in vivo effect of a porous titanium alloy flange with hydroxyapatite, silver and fibronectin coatings on soft-tissue integration of intraosseous transcutaneous amputation prostheses},
copyright = {open},
language = {eng},
author = {Chimutengwende-Gordon, M and Pendegrass, C and Blunn, G},
keywords = {Amputation;  Soft-tissue integration;  Transcutaneous;  Prosthesis},
}
